@book{mccartney1976optics,
  title={Optics of the atmosphere: scattering by molecules and particles},
  author={McCartney, Edward James},
  year={1976},
  publisher={John Wiley \& Sons}
}

@article{wang2025learning,
  title={Learning Hazing to Dehazing: Towards Realistic Haze Generation for Real-World Image Dehazing},
  author={Wang, Ruiyi and Zheng, Yushuo and Zhang, Zicheng and Li, Chunyi and Liu, Shuaicheng and Zhai, Guangtao and Liu, Xiaohong},
  journal={arXiv preprint arXiv:2503.19262},
  year={2025}
}

@article{he2010single,
  title={Single image haze removal using dark channel prior},
  author={He, Kaiming and Sun, Jian and Tang, Xiaoou},
  journal={IEEE transactions on pattern analysis and machine intelligence},
  volume={33},
  number={12},
  pages={2341--2353},
  year={2010},
  publisher={IEEE}
}

@article{zhu2015fast,
  title={A fast single image haze removal algorithm using color attenuation prior},
  author={Zhu, Qingsong and Mai, Jiaming and Shao, Ling},
  journal={IEEE transactions on image processing},
  volume={24},
  number={11},
  pages={3522--3533},
  year={2015},
  publisher={IEEE}
}

@article{cai2016dehazenet,
  title={Dehazenet: An end-to-end system for single image haze removal},
  author={Cai, Bolun and Xu, Xiangmin and Jia, Kui and Qing, Chunmei and Tao, Dacheng},
  journal={IEEE Transactions on Image Processing},
  volume={25},
  number={11},
  pages={5187--5198},
  year={2016},
  publisher={IEEE}
}

@inproceedings{li2017aod,
  title={Aod-net: All-in-one dehazing network},
  author={Li, Boyi and Peng, Xiulian and Wang, Zhangyang and Xu, Jizheng and Feng, Dan},
  booktitle={Proceedings of the IEEE international conference on computer vision},
  pages={4770--4778},
  year={2017}
}

@inproceedings{dong2020multi,
  title={Multi-scale boosted dehazing network with dense feature fusion},
  author={Dong, Hang and Pan, Jinshan and Xiang, Lei and Hu, Zhe and Zhang, Xinyi and Wang, Fei and Yang, Ming-Hsuan},
  booktitle={Proceedings of the IEEE/CVF conference on computer vision and pattern recognition},
  pages={2157--2167},
  year={2020}
}

@inproceedings{qin2020ffa,
  title={Ffa-net: Feature fusion attention network for single image dehazing},
  author={Qin, Xu and Wang, Zhilin and Bai, Yuanchao and Xie, Xiaodong and Jia, Huizhu},
  booktitle={Proceedings of the AAAI conference on artificial intelligence},
  volume={34},
  number={07},
  pages={11908--11915},
  year={2020}
}

@article{lin2023diffbir,
  title={Diffbir: Towards blind image restoration with generative diffusion prior},
  author={Lin, Xinqi and Chen, Zhaoyang and Zhang, Xing and Dong, Junsheng and Wen, Jinwen and Yuan, Pei},
  journal={arXiv preprint arXiv:2308.15070},
  year={2023}
}

@inproceedings{fang2025guided,
  title={Guided real image dehazing using ycbcr color space},
  author={Fang, Wei and Fan, Jie and Zheng, Yuxiao and Weng, Jie and Tai, Ying and Li, Jian},
  booktitle={Proceedings of the AAAI Conference on Artificial Intelligence},
  year={2025}
}

@inproceedings{shao2020domain,
  title={Domain Adaptation for Image Dehazing},
  author={Shao, Yuanjie and Li, Lerenhan and Ren, Wenqi and Gao, Changxin and Sang, Nong},
  booktitle={Proceedings of the IEEE/CVF Conference on Computer Vision and Pattern Recognition},
  pages={2808--2817},
  year={2020}
}

@inproceedings{chen2021psd,
  title={PSD: Principled Synthetic-to-Real Dehazing Guided by Physical Priors},
  author={Chen, Zeyuan and Wang, Yangchao and Yang, Yang and Liu, Dong},
  booktitle={Proceedings of the IEEE/CVF Conference on Computer Vision and Pattern Recognition},
  pages={7180--7189},
  year={2021}
}

@inproceedings{yang2022self,
  title={Self-Augmented Unpaired Image Dehazing via Density and Depth Decomposition},
  author={Yang, Yang and Wang, Chaoyue and Liu, Risheng and Zhang, Lin and Guo, Xiaojie and Tao, Dacheng},
  booktitle={Proceedings of the IEEE/CVF Conference on Computer Vision and Pattern Recognition},
  pages={2037--2046},
  year={2022}
}

@inproceedings{wu2023ridcp,
  title={RIDCP: Revitalizing Real Image Dehazing via High-Quality Codebook Priors},
  author={Wu, Rui-Qi and Duan, Zheng-Peng and Guo, Chun-Le and Chai, Zhi and Li, Chongyi},
  booktitle={Proceedings of the IEEE/CVF Conference on Computer Vision and Pattern Recognition},
  pages={22282--22291},
  year={2023}
}

@article{zhang2023iterative,
  title={Iterative refinement for image restoration: A comprehensive survey},
  author={Zhang, Kai and Li, Yawei and Liang, Jingyun and Cao, Jiezhang and Zhang, Yulun and Tang, Hao and Fan, Deng-Ping and Timofte, Radu and Van Gool, Luc},
  journal={arXiv preprint arXiv:2303.08714},
  year={2023}
}

@inproceedings{adaIN,
  title={Arbitrary style transfer in real-time with adaptive instance normalization},
  author={Huang, Xun and Belongie, Serge},
  booktitle={Proceedings of the IEEE international conference on computer vision},
  pages={1501--1510},
  year={2017}
}

@inproceedings{pttd,
  title={Perceptual texture transfer with deep learning},
  author={Li, Chuan and Wand, Michael},
  booktitle={Proceedings of the IEEE conference on computer vision and pattern recognition},
  pages={3073--3081},
  year={2016}
}

@article{prior1_dcp,
  title={Single image haze removal using dark channel prior},
  author={He, Kaiming and Sun, Jian and Tang, Xiaoou},
  journal={IEEE transactions on pattern analysis and machine intelligence},
  volume={33},
  number={12},
  pages={2341--2353},
  year={2010},
  publisher={IEEE}
}

@article{msssim,
  title={Multi-scale structural similarity for image quality assessment},
  author={Wang, Zhou and Simoncelli, Eero P and Bovik, Alan C},
  journal={The Thrity-Seventh Asilomar Conference on Signals, Systems \& Computers, 2003},
  volume={2},
  pages={1398--1402},
  year={2003},
  organization={IEEE}
}

@article{ddpm,
  title={Denoising diffusion probabilistic models},
  author={Ho, Jonathan and Jain, Ajay and Abbeel, Pieter},
  journal={Advances in neural information processing systems},
  volume={33},
  pages={6840--6851},
  year={2020}
}

@inproceedings{sr3,
  title={Image super-resolution via iterative refinement},
  author={Saharia, Chitwan and Ho, Jonathan and Chan, William and Salimans, Tim and Fleet, David J and Norouzi, Mohammad},
  booktitle={International Conference on Machine Learning},
  pages={9620--9630},
  year={2022},
  organization={PMLR}
}

@inproceedings{stablediffusion,
  title={High-resolution image synthesis with latent diffusion models},
  author={Rombach, Robin and Blattmann, Andreas and Lorenz, Dominik and Esser, Patrick and Ommer, Bj{\"o}rn},
  booktitle={Proceedings of the IEEE/CVF conference on computer vision and pattern recognition},
  pages={10684--10695},
  year={2022}
}

@article{classifierfree,
  title={Classifier-free diffusion guidance},
  author={Ho, Jonathan and Salimans, Tim},
  journal={arXiv preprint arXiv:2207.12598},
  year={2022}
}

@inproceedings{reside,
  title={Reside: A benchmark for single image dehazing},
  author={Li, Boyi and Ren, Wenqi and Fu, Dengpan and Tao, Dacheng and Feng, Dan and Zeng, Wenjun and Wang, Zhangyang},
  booktitle={arXiv preprint arXiv:1712.04143},
  year={2017}
}

@inproceedings{ridcp,
  title={RIDCP: Revitalizing Real Image Dehazing via High-Quality Codebook Priors},
  author={Wu, Rui-Qi and Duan, Zheng-Peng and Guo, Chun-Le and Chai, Zhi and Li, Chongyi},
  booktitle={Proceedings of the IEEE/CVF Conference on Computer Vision and Pattern Recognition},
  pages={22282--22291},
  year={2023}
}

@inproceedings{diffbir,
  title={Diffbir: Towards blind image restoration with generative diffusion prior},
  author={Lin, Xinqi and Chen, Zhaoyang and Zhang, Xing and Dong, Junsheng and Wen, Jinwen and Yuan, Pei},
  booktitle={arXiv preprint arXiv:2308.15070},
  year={2023}
} 